<?xml version="1.0" encoding="UTF-8"?><collection xmlns="http://www.loc.gov/MARC21/slim"><record><leader>00339nam--2200133-i-4500</leader><controlfield tag="001">000049213</controlfield><controlfield tag="002">20161230</controlfield><controlfield tag="005">20161230201047</controlfield><controlfield tag="008">060222s1000------------r-----000-0-eng-d</controlfield><datafield ind1=" " ind2=" " tag="080"><subfield code="a">113</subfield></datafield><datafield ind1=" " ind2=" " tag="100"><subfield code="a">Parvu, Ilie</subfield></datafield><datafield ind1=" " ind2=" " tag="245"><subfield code="a">Infinitul si infinitatea lumii. studiu epistemologic</subfield></datafield><datafield ind1=" " ind2=" " tag="260"><subfield code="a">Bucuresti, Ed.Politica, 1985, 322p</subfield></datafield><datafield ind1=" " ind2=" " tag="852"><subfield code="a">73065</subfield></datafield></record></collection>